% 1
@inproceedings{DBLP:conf/kes/KolaczekPJGKN05,
  author    = {Grzegorz Kolaczek and
               Agnieszka Pieczynska{-}Kuchtiak and
               Krzysztof Juszczyszyn and
               Adam Grzech and
               Radoslaw P. Katarzyniak and
               Ngoc Thanh Nguyen},
  editor    = {Rajiv Khosla and
               Robert J. Howlett and
               Lakhmi C. Jain},
  title     = {A Mobile Agent Approach to Intrusion Detection in Network Systems},
  booktitle = {Knowledge-Based Intelligent Information and Engineering Systems, 9th
               International Conference, {KES} 2005, Melbourne, Australia, September
               14-16, 2005, Proceedings, Part {II}},
  series    = {Lecture Notes in Computer Science},
  volume    = {3682},
  pages     = {514--519},
  publisher = {Springer},
  year      = {2005},
  url       = {https://doi.org/10.1007/11552451\_69},
  doi       = {10.1007/11552451\_69},
  timestamp = {Tue, 29 Dec 2020 18:37:01 +0100},
  biburl    = {https://dblp.org/rec/conf/kes/KolaczekPJGKN05.bib},
  bibsource = {dblp computer science bibliography, https://dblp.org}
}

% 2
@inproceedings{DBLP:conf/missi/PietranikN12,
  author    = {Marcin Pietranik and
               Ngoc Thanh Nguyen},
  editor    = {Aleksander Zgrzywa and
               Kazimierz Choros and
               Andrzej Sieminski},
  title     = {A Multi-attribute and Logic-Based Framework of Ontology Alignment},
  booktitle = {Multimedia and Internet Systems: Theory and Practice - Proceedings
               of the 8th International Conference {MISSI} 2012, Wroc{\l}aw, Poland,
               2012},
  series    = {Advances in Intelligent Systems and Computing},
  volume    = {183},
  pages     = {99--108},
  publisher = {Springer},
  year      = {2012},
  url       = {https://doi.org/10.1007/978-3-642-32335-5\_10},
  doi       = {10.1007/978-3-642-32335-5\_10},
  timestamp = {Thu, 06 Sep 2018 16:07:16 +0200},
  biburl    = {https://dblp.org/rec/conf/missi/PietranikN12.bib},
  bibsource = {dblp computer science bibliography, https://dblp.org}
}

% 3
@book{DBLP:series/aikp/Nguyen08,
  author    = {Ngoc Thanh Nguyen},
  title     = {Advanced Methods for Inconsistent Knowledge Management},
  series    = {Advanced Information and Knowledge Processing},
  publisher = {Springer},
  year      = {2008},
  url       = {https://doi.org/10.1007/978-1-84628-889-0},
  doi       = {10.1007/978-1-84628-889-0},
  isbn      = {978-1-84628-888-3},
  timestamp = {Tue, 16 May 2017 14:24:38 +0200},
  biburl    = {https://dblp.org/rec/series/aikp/Nguyen08.bib},
  bibsource = {dblp computer science bibliography, https://dblp.org}
}

% 4
@inproceedings{DBLP:conf/aciids/QinMHZ11a,
  author    = {Hongwu Qin and
               Xiuqin Ma and
               Tutut Herawan and
               Jasni Mohamad Zain},
  editor    = {Ngoc Thanh Nguyen and
               Chonggun Kim and
               Adam Janiak},
  title     = {Data Filling Approach of Soft Sets under Incomplete Information},
  booktitle = {Intelligent Information and Database Systems - Third International
               Conference, {ACIIDS} 2011, Daegu, Korea, April 20-22, 2011, Proceedings,
               Part {II}},
  series    = {Lecture Notes in Computer Science},
  volume    = {6592},
  pages     = {302--311},
  publisher = {Springer},
  year      = {2011},
  url       = {https://doi.org/10.1007/978-3-642-20042-7\_31},
  doi       = {10.1007/978-3-642-20042-7\_31},
  timestamp = {Tue, 14 May 2019 10:00:46 +0200},
  biburl    = {https://dblp.org/rec/conf/aciids/QinMHZ11a.bib},
  bibsource = {dblp computer science bibliography, https://dblp.org}
}

% 5
@inproceedings{DBLP:conf/ijcai/PotykaT15,
  author    = {Nico Potyka and
               Matthias Thimm},
  editor    = {Qiang Yang and
               Michael J. Wooldridge},
  title     = {Probabilistic Reasoning with Inconsistent Beliefs Using Inconsistency
               Measures},
  booktitle = {Proceedings of the Twenty-Fourth International Joint Conference on
               Artificial Intelligence, {IJCAI} 2015, Buenos Aires, Argentina, July
               25-31, 2015},
  pages     = {3156--3163},
  publisher = {{AAAI} Press},
  year      = {2015},
  url       = {http://ijcai.org/Abstract/15/445},
  timestamp = {Tue, 20 Aug 2019 16:18:03 +0200},
  biburl    = {https://dblp.org/rec/conf/ijcai/PotykaT15.bib},
  bibsource = {dblp computer science bibliography, https://dblp.org}
}

% 6
@inproceedings{DBLP:conf/kse/NguyenT17,
  author    = {Van Tham Nguyen and
               Trong Hieu Tran},
  editor    = {Thanh Thuy Nguyen and
               Anh{-}Phuong Le and
               Satoshi Tojo and
               Le{-}Minh Nguyen and
               Xuan{-}Hieu Phan},
  title     = {Inconsistency measures for probabilistic knowledge bases},
  booktitle = {9th International Conference on Knowledge and Systems Engineering,
               {KSE} 2017, Hue, Vietnam, October 19-21, 2017},
  pages     = {148--153},
  publisher = {{IEEE}},
  year      = {2017},
  url       = {https://doi.org/10.1109/KSE.2017.8119450},
  doi       = {10.1109/KSE.2017.8119450},
  timestamp = {Wed, 16 Oct 2019 14:14:54 +0200},
  biburl    = {https://dblp.org/rec/conf/kse/NguyenT17.bib},
  bibsource = {dblp computer science bibliography, https://dblp.org}
}

% 7
@inproceedings{DBLP:conf/ecai/PotykaT14,
  author    = {Nico Potyka and
               Matthias Thimm},
  editor    = {Torsten Schaub and
               Gerhard Friedrich and
               Barry O'Sullivan},
  title     = {Consolidation of Probabilistic Knowledge Bases by Inconsistency Minimization},
  booktitle = {{ECAI} 2014 - 21st European Conference on Artificial Intelligence,
               18-22 August 2014, Prague, Czech Republic - Including Prestigious
               Applications of Intelligent Systems {(PAIS} 2014)},
  series    = {Frontiers in Artificial Intelligence and Applications},
  volume    = {263},
  pages     = {729--734},
  publisher = {{IOS} Press},
  year      = {2014},
  url       = {https://doi.org/10.3233/978-1-61499-419-0-729},
  doi       = {10.3233/978-1-61499-419-0-729},
  timestamp = {Wed, 24 May 2017 08:27:20 +0200},
  biburl    = {https://dblp.org/rec/conf/ecai/PotykaT14.bib},
  bibsource = {dblp computer science bibliography, https://dblp.org}
}

% 8
@phdthesis{DBLP:phd/dnb/Potyka16,
  author    = {Nico Potyka},
  title     = {Solving Reasoning Problems for Probabilistic Conditional Logics with
               Consistent and Inconsistent Information},
  school    = {FernUniversit{\"{a}}t in Hagen},
  year      = {2016},
  url       = {https://nbn-resolving.org/urn:nbn:de:hbz:708-30620},
  urn       = {urn:nbn:de:hbz:708-30620},
  timestamp = {Wed, 12 Feb 2020 16:42:34 +0100},
  biburl    = {https://dblp.org/rec/phd/dnb/Potyka16.bib},
  bibsource = {dblp computer science bibliography, https://dblp.org}
}

% 9
@inproceedings{DBLP:conf/aciids/NguyenT18,
  author    = {Van Tham Nguyen and
               Trong Hieu Tran},
  editor    = {Ngoc Thanh Nguyen and
               Duong Hung Hoang and
               Tzung{-}Pei Hong and
               Hoang Pham and
               Bogdan Trawinski},
  title     = {Solving Inconsistencies in Probabilistic Knowledge Bases via Inconsistency
               Measures},
  booktitle = {Intelligent Information and Database Systems - 10th Asian Conference,
               {ACIIDS} 2018, Dong Hoi City, Vietnam, March 19-21, 2018, Proceedings,
               Part {I}},
  series    = {Lecture Notes in Computer Science},
  volume    = {10751},
  pages     = {3--14},
  publisher = {Springer},
  year      = {2018},
  url       = {https://doi.org/10.1007/978-3-319-75417-8\_1},
  doi       = {10.1007/978-3-319-75417-8\_1},
  timestamp = {Tue, 14 May 2019 10:00:45 +0200},
  biburl    = {https://dblp.org/rec/conf/aciids/NguyenT18.bib},
  bibsource = {dblp computer science bibliography, https://dblp.org}
}

% 10
@article{DBLP:journals/cas/NguyenNTN18,
  author    = {Van Tham Nguyen and
               Ngoc Thanh Nguyen and
               Trong Hieu Tran and
               Do Kieu Loan Nguyen},
  title     = {Method for Restoring Consistency in Probabilistic Knowledge Bases},
  journal   = {Cybern. Syst.},
  volume    = {49},
  number    = {5-6},
  pages     = {317--338},
  year      = {2018},
  url       = {https://doi.org/10.1080/01969722.2017.1418674},
  doi       = {10.1080/01969722.2017.1418674},
  timestamp = {Thu, 13 Aug 2020 12:42:42 +0200},
  biburl    = {https://dblp.org/rec/journals/cas/NguyenNTN18.bib},
  bibsource = {dblp computer science bibliography, https://dblp.org}
}

% 11
@article{DBLP:journals/jphil/KoniecznyP11,
  author    = {S{\'{e}}bastien Konieczny and
               Ram{\'{o}}n Pino P{\'{e}}rez},
  title     = {Logic Based Merging},
  journal   = {J. Philos. Log.},
  volume    = {40},
  number    = {2},
  pages     = {239--270},
  year      = {2011},
  url       = {https://doi.org/10.1007/s10992-011-9175-5},
  doi       = {10.1007/s10992-011-9175-5},
  timestamp = {Mon, 11 May 2020 23:01:50 +0200},
  biburl    = {https://dblp.org/rec/journals/jphil/KoniecznyP11.bib},
  bibsource = {dblp computer science bibliography, https://dblp.org}
}

% 12
@article{DBLP:journals/ai/KoniecznyM04,
  author    = {S{\'{e}}bastien Konieczny and
               J{\'{e}}r{\^{o}}me Lang and
               Pierre Marquis},
  title     = {DA\({}^{\mbox{2}}\) merging operators},
  journal   = {Artif. Intell.},
  volume    = {157},
  number    = {1-2},
  pages     = {49--79},
  year      = {2004},
  url       = {https://doi.org/10.1016/j.artint.2004.04.008},
  doi       = {10.1016/j.artint.2004.04.008},
  timestamp = {Fri, 27 Dec 2019 21:18:44 +0100},
  biburl    = {https://dblp.org/rec/journals/ai/KoniecznyM04.bib},
  bibsource = {dblp computer science bibliography, https://dblp.org}
}

% 13
@article{DBLP:journals/ai/EveraereKM10,
  author    = {Patricia Everaere and
               S{\'{e}}bastien Konieczny and
               Pierre Marquis},
  title     = {Disjunctive merging: Quota and Gmin merging operators},
  journal   = {Artif. Intell.},
  volume    = {174},
  number    = {12-13},
  pages     = {824--849},
  year      = {2010},
  url       = {https://doi.org/10.1016/j.artint.2010.05.001},
  doi       = {10.1016/j.artint.2010.05.001},
  timestamp = {Fri, 27 Dec 2019 21:18:45 +0100},
  biburl    = {https://dblp.org/rec/journals/ai/EveraereKM10.bib},
  bibsource = {dblp computer science bibliography, https://dblp.org}
}

% 14
@inproceedings{DBLP:conf/kr/QiLG04,
  author    = {Guilin Qi and
               Weiru Liu and
               David H. Glass},
  editor    = {Didier Dubois and
               Christopher A. Welty and
               Mary{-}Anne Williams},
  title     = {A Split-Combination Method for Merging Inconsistent Possibilistic
               Knowledge Bases},
  booktitle = {Principles of Knowledge Representation and Reasoning: Proceedings
               of the Ninth International Conference (KR2004), Whistler, Canada,
               June 2-5, 2004},
  pages     = {348--356},
  publisher = {{AAAI} Press},
  year      = {2004},
  url       = {http://www.aaai.org/Library/KR/2004/kr04-037.php},
  timestamp = {Tue, 09 Feb 2021 08:33:39 +0100},
  biburl    = {https://dblp.org/rec/conf/kr/QiLG04.bib},
  bibsource = {dblp computer science bibliography, https://dblp.org}
}

% 15
@inproceedings{DBLP:conf/uai/QiLB05,
  author    = {Guilin Qi and
               Weiru Liu and
               David A. Bell},
  title     = {A Revision-Based Approach to Resolving Conflicting Information},
  booktitle = {{UAI} '05, Proceedings of the 21st Conference in Uncertainty in Artificial
               Intelligence, Edinburgh, Scotland, July 26-29, 2005},
  pages     = {477--484},
  publisher = {{AUAI} Press},
  year      = {2005},
  url       = {https://dslpitt.org/uai/displayArticleDetails.jsp?mmnu=1\&smnu=2\&article\_id=1246\&proceeding\_id=21},
  timestamp = {Wed, 03 Feb 2021 11:09:31 +0100},
  biburl    = {https://dblp.org/rec/conf/uai/QiLB05.bib},
  bibsource = {dblp computer science bibliography, https://dblp.org}
}

% 16
@article{DBLP:journals/amai/QiLGB06,
  author    = {Guilin Qi and
               Weiru Liu and
               David H. Glass and
               David A. Bell},
  title     = {A split-combination approach to merging knowledge bases in possibilistic
               logic},
  journal   = {Ann. Math. Artif. Intell.},
  volume    = {48},
  number    = {1-2},
  pages     = {45--84},
  year      = {2006},
  url       = {https://doi.org/10.1007/s10472-006-9043-0},
  doi       = {10.1007/s10472-006-9043-0},
  timestamp = {Mon, 05 Jun 2017 12:38:10 +0200},
  biburl    = {https://dblp.org/rec/journals/amai/QiLGB06.bib},
  bibsource = {dblp computer science bibliography, https://dblp.org}
}

% 17
@article{DBLP:journals/corr/abs-1203-3508,
  author    = {Guilin Qi and
               Jianfeng Du and
               Weiru Liu and
               David A. Bell},
  title     = {Merging Knowledge Bases in Possibilistic Logic by Lexicographic Aggregation},
  journal   = {CoRR},
  volume    = {abs/1203.3508},
  year      = {2012},
  url       = {http://arxiv.org/abs/1203.3508},
  archivePrefix = {arXiv},
  eprint    = {1203.3508},
  timestamp = {Mon, 13 Aug 2018 16:46:59 +0200},
  biburl    = {https://dblp.org/rec/journals/corr/abs-1203-3508.bib},
  bibsource = {dblp computer science bibliography, https://dblp.org}
}

% 18
@phdthesis{Vomlel99methodsof,
    author = {Jiri Vomlel},
    title = {Methods Of Probabilistic Knowledge Integration},
    year = {1999}
  school={Czech Technical University, Prague}
}

% 19
@article{DBLP:journals/jancl/Vomlel04,
  author    = {Jir{\'{\i}} Vomlel},
  title     = {Integrating Inconsistent Data in a Probabilistic Model},
  journal   = {J. Appl. Non Class. Logics},
  volume    = {14},
  number    = {3},
  pages     = {367--386},
  year      = {2004},
  url       = {https://doi.org/10.3166/jancl.14.367-386},
  doi       = {10.3166/jancl.14.367-386},
  timestamp = {Sat, 25 Apr 2020 14:02:43 +0200},
  biburl    = {https://dblp.org/rec/journals/jancl/Vomlel04.bib},
  bibsource = {dblp computer science bibliography, https://dblp.org}
}

% 20
@inproceedings{DBLP:conf/ictai/ZhangPW08,
  author    = {Shenyong Zhang and
               Yun Peng and
               Xiaopu Wang},
  title     = {An Efficient Method for Probabilistic Knowledge Integration},
  booktitle = {20th {IEEE} International Conference on Tools with Artificial Intelligence
               {(ICTAI} 2008), November 3-5, 2008, Dayton, Ohio, USA, Volume 2},
  pages     = {179--182},
  publisher = {{IEEE} Computer Society},
  year      = {2008},
  url       = {https://doi.org/10.1109/ICTAI.2008.57},
  doi       = {10.1109/ICTAI.2008.57},
  timestamp = {Fri, 26 May 2017 00:51:10 +0200},
  biburl    = {https://dblp.org/rec/conf/ictai/ZhangPW08.bib},
  bibsource = {dblp computer science bibliography, https://dblp.org}
}

% 21
@article{wilmers2010social,
  title={The social entropy process: axiomatising the aggregation of probabilistic beliefs},
  author={Wilmers, George},
  year={2010},
  publisher={Manchester Institute for Mathematical Sciences, University of Manchester}
}

% 22
@article{DBLP:journals/kybernetika/AdamcikW14,
  author    = {Martin Adamc{\'{\i}}k and
               George Wilmers},
  title     = {The irrelevant information principle for collective probabilistic
               reasoning},
  journal   = {Kybernetika},
  volume    = {50},
  number    = {2},
  pages     = {175--188},
  year      = {2014},
  url       = {https://doi.org/10.14736/kyb-2014-2-0175},
  doi       = {10.14736/kyb-2014-2-0175},
  timestamp = {Wed, 17 Feb 2021 09:00:06 +0100},
  biburl    = {https://dblp.org/rec/journals/kybernetika/AdamcikW14.bib},
  bibsource = {dblp computer science bibliography, https://dblp.org}
}

% 23
@phdthesis{adamcik2014collective,
  title={Collective reasoning under uncertainty and inconsistency},
  author={Adamcik, Martin},
  year={2014},
  school={Manchester Institute for Mathematical Sciences, The University of Manchester}
}

% 24
@inproceedings{DBLP:conf/iccci/NguyenNT18,
  author    = {Van Tham Nguyen and
               Ngoc Thanh Nguyen and
               Trong Hieu Tran},
  editor    = {Ngoc Thanh Nguyen and
               Elias Pimenidis and
               Zaheer Khan and
               Bogdan Trawinski},
  title     = {Framework for Merging Probabilistic Knowledge Bases},
  booktitle = {Computational Collective Intelligence - 10th International Conference,
               {ICCCI} 2018, Bristol, UK, September 5-7, 2018, Proceedings, Part
               {I}},
  series    = {Lecture Notes in Computer Science},
  volume    = {11055},
  pages     = {31--42},
  publisher = {Springer},
  year      = {2018},
  url       = {https://doi.org/10.1007/978-3-319-98443-8\_4},
  doi       = {10.1007/978-3-319-98443-8\_4},
  timestamp = {Tue, 14 May 2019 10:00:45 +0200},
  biburl    = {https://dblp.org/rec/conf/iccci/NguyenNT18.bib},
  bibsource = {dblp computer science bibliography, https://dblp.org}
}

% 25
@book{bertsekas2006convex,
  title={Convex analysis and optimization},
  author={Bertsekas, Dimitri P and
		  N.A. and
		  Ozdaglar E. Asuman},
  year={2003},
  publisher={Athena Scientific, Belmont, Massachusetts}
}

% 26
@article{DBLP:journals/geb/OshersonV06,
  author    = {Daniel N. Osherson and
               Moshe Y. Vardi},
  title     = {Aggregating disparate estimates of chance},
  journal   = {Games Econ. Behav.},
  volume    = {56},
  number    = {1},
  pages     = {148--173},
  year      = {2006},
  url       = {https://doi.org/10.1016/j.geb.2006.04.001},
  doi       = {10.1016/j.geb.2006.04.001},
  timestamp = {Sat, 22 Feb 2020 13:47:43 +0100},
  biburl    = {https://dblp.org/rec/journals/geb/OshersonV06.bib},
  bibsource = {dblp computer science bibliography, https://dblp.org}
}

% W.E. Ronald, et al., Probability & Statistics for Engineers
% & Scientists, ed. 9. 2012: Prentice Hall.

% 27
@book{ronald2012probability,
  title={Probability & Statistics for Engineers & Scientists},
  author={W.E. Ronald, et al},
  publisher={Prentice Hall},
  year={2012}
}


% 28
@book{DBLP:books/daglib/0016926,
  author    = {Bernd G{\"{a}}rtner and
               Jir{\'{\i}} Matousek},
  title     = {Understanding and using linear programming},
  series    = {Universitext},
  publisher = {Springer},
  year      = {2007},
  isbn      = {978-3-540-30697-9},
  timestamp = {Tue, 09 Jul 2019 17:08:12 +0200},
  biburl    = {https://dblp.org/rec/books/daglib/0016926.bib},
  bibsource = {dblp computer science bibliography, https://dblp.org}
}

% 29
@incollection{stephen2004convex,
  title={Convex optimization},
  author={Stephen, Boyd and Lieven, Vandenberghe},
  booktitle={Cambridge university press},
  year={2004}
}