@inproceedings{1,
    title        = {A Mobile Agent Approach to Intrusion Detection in Network Systems},
    author       = {Grzegorz Kolaczek and Agnieszka Pieczynska{-}Kuchtiak and Krzysztof Juszczyszyn and Adam Grzech and Radoslaw P. Katarzyniak and Ngoc Thanh Nguyen},
    year         = 2005,
    booktitle    = {Knowledge-Based Intelligent Information and Engineering Systems, 9th International Conference, {KES} 2005, Melbourne, Australia, September 14-16, 2005, Proceedings, Part {II}},
    publisher    = {Springer},
    series       = {Lecture Notes in Computer Science},
    volume       = 3682,
    pages        = {514--519},
    doi          = {10.1007/11552451\_69},
    url          = {https://doi.org/10.1007/11552451\_69},
    editor       = {Rajiv Khosla and Robert J. Howlett and Lakhmi C. Jain},
    timestamp    = {Tue, 29 Dec 2020 18:37:01 +0100},
    biburl       = {https://dblp.org/rec/conf/kes/KolaczekPJGKN05.bib},
    bibsource    = {dblp computer science bibliography, https://dblp.org}
}
@inproceedings{2,
    title        = {A Multi-attribute and Logic-Based Framework of Ontology Alignment},
    author       = {Marcin Pietranik and Ngoc Thanh Nguyen},
    year         = 2012,
    booktitle    = {Multimedia and Internet Systems: Theory and Practice - Proceedings of the 8th International Conference {MISSI} 2012, Wroc{\l}aw, Poland, 2012},
    publisher    = {Springer},
    series       = {Advances in Intelligent Systems and Computing},
    volume       = 183,
    pages        = {99--108},
    doi          = {10.1007/978-3-642-32335-5\_10},
    url          = {https://doi.org/10.1007/978-3-642-32335-5\_10},
    editor       = {Aleksander Zgrzywa and Kazimierz Choros and Andrzej Sieminski},
    timestamp    = {Thu, 06 Sep 2018 16:07:16 +0200},
    biburl       = {https://dblp.org/rec/conf/missi/PietranikN12.bib},
    bibsource    = {dblp computer science bibliography, https://dblp.org}
}
@book{3,
    title        = {Advanced Methods for Inconsistent Knowledge Management},
    author       = {Ngoc Thanh Nguyen},
    year         = 2008,
    publisher    = {Springer},
    series       = {Advanced Information and Knowledge Processing},
    doi          = {10.1007/978-1-84628-889-0},
    isbn         = {978-1-84628-888-3},
    url          = {https://doi.org/10.1007/978-1-84628-889-0},
    timestamp    = {Tue, 16 May 2017 14:24:38 +0200},
    biburl       = {https://dblp.org/rec/series/aikp/Nguyen08.bib},
    bibsource    = {dblp computer science bibliography, https://dblp.org}
}
@inproceedings{4,
    title        = {Data Filling Approach of Soft Sets under Incomplete Information},
    author       = {Hongwu Qin and Xiuqin Ma and Tutut Herawan and Jasni Mohamad Zain},
    year         = 2011,
    booktitle    = {Intelligent Information and Database Systems - Third International Conference, {ACIIDS} 2011, Daegu, Korea, April 20-22, 2011, Proceedings, Part {II}},
    publisher    = {Springer},
    series       = {Lecture Notes in Computer Science},
    volume       = 6592,
    pages        = {302--311},
    doi          = {10.1007/978-3-642-20042-7\_31},
    url          = {https://doi.org/10.1007/978-3-642-20042-7\_31},
    editor       = {Ngoc Thanh Nguyen and Chonggun Kim and Adam Janiak},
    timestamp    = {Tue, 14 May 2019 10:00:46 +0200},
    biburl       = {https://dblp.org/rec/conf/aciids/QinMHZ11a.bib},
    bibsource    = {dblp computer science bibliography, https://dblp.org}
}
@inproceedings{5,
    title        = {Probabilistic Reasoning with Inconsistent Beliefs Using Inconsistency Measures},
    author       = {Nico Potyka and Matthias Thimm},
    year         = 2015,
    booktitle    = {Proceedings of the Twenty-Fourth International Joint Conference on Artificial Intelligence, {IJCAI} 2015, Buenos Aires, Argentina, July 25-31, 2015},
    publisher    = {{AAAI} Press},
    pages        = {3156--3163},
    url          = {http://ijcai.org/Abstract/15/445},
    editor       = {Qiang Yang and Michael J. Wooldridge},
    timestamp    = {Tue, 20 Aug 2019 16:18:03 +0200},
    biburl       = {https://dblp.org/rec/conf/ijcai/PotykaT15.bib},
    bibsource    = {dblp computer science bibliography, https://dblp.org}
}
@inproceedings{6,
    title        = {Inconsistency measures for probabilistic knowledge bases},
    author       = {Van Tham Nguyen and Trong Hieu Tran},
    year         = 2017,
    booktitle    = {9th International Conference on Knowledge and Systems Engineering, {KSE} 2017, Hue, Vietnam, October 19-21, 2017},
    publisher    = {{IEEE}},
    pages        = {148--153},
    doi          = {10.1109/KSE.2017.8119450},
    url          = {https://doi.org/10.1109/KSE.2017.8119450},
    editor       = {Thanh Thuy Nguyen and Anh{-}Phuong Le and Satoshi Tojo and Le{-}Minh Nguyen and Xuan{-}Hieu Phan},
    timestamp    = {Wed, 16 Oct 2019 14:14:54 +0200},
    biburl       = {https://dblp.org/rec/conf/kse/NguyenT17.bib},
    bibsource    = {dblp computer science bibliography, https://dblp.org}
}
@inproceedings{7,
    title        = {Consolidation of Probabilistic Knowledge Bases by Inconsistency Minimization},
    author       = {Nico Potyka and Matthias Thimm},
    year         = 2014,
    booktitle    = {{ECAI} 2014 - 21st European Conference on Artificial Intelligence, 18-22 August 2014, Prague, Czech Republic - Including Prestigious Applications of Intelligent Systems {(PAIS} 2014)},
    publisher    = {{IOS} Press},
    series       = {Frontiers in Artificial Intelligence and Applications},
    volume       = 263,
    pages        = {729--734},
    doi          = {10.3233/978-1-61499-419-0-729},
    url          = {https://doi.org/10.3233/978-1-61499-419-0-729},
    editor       = {Torsten Schaub and Gerhard Friedrich and Barry O'Sullivan},
    timestamp    = {Wed, 24 May 2017 08:27:20 +0200},
    biburl       = {https://dblp.org/rec/conf/ecai/PotykaT14.bib},
    bibsource    = {dblp computer science bibliography, https://dblp.org}
}
@phdthesis{8,
    title        = {Solving Reasoning Problems for Probabilistic Conditional Logics with Consistent and Inconsistent Information},
    author       = {Nico Potyka},
    year         = 2016,
    url          = {https://nbn-resolving.org/urn:nbn:de:hbz:708-30620},
    school       = {FernUniversit{\"{a}}t in Hagen},
    urn          = {urn:nbn:de:hbz:708-30620},
    timestamp    = {Wed, 12 Feb 2020 16:42:34 +0100},
    biburl       = {https://dblp.org/rec/phd/dnb/Potyka16.bib},
    bibsource    = {dblp computer science bibliography, https://dblp.org}
}
@inproceedings{9,
    title        = {Solving Inconsistencies in Probabilistic Knowledge Bases via Inconsistency Measures},
    author       = {Van Tham Nguyen and Trong Hieu Tran},
    year         = 2018,
    booktitle    = {Intelligent Information and Database Systems - 10th Asian Conference, {ACIIDS} 2018, Dong Hoi City, Vietnam, March 19-21, 2018, Proceedings, Part {I}},
    publisher    = {Springer},
    series       = {Lecture Notes in Computer Science},
    volume       = 10751,
    pages        = {3--14},
    doi          = {10.1007/978-3-319-75417-8\_1},
    url          = {https://doi.org/10.1007/978-3-319-75417-8\_1},
    editor       = {Ngoc Thanh Nguyen and Duong Hung Hoang and Tzung{-}Pei Hong and Hoang Pham and Bogdan Trawinski},
    timestamp    = {Tue, 14 May 2019 10:00:45 +0200},
    biburl       = {https://dblp.org/rec/conf/aciids/NguyenT18.bib},
    bibsource    = {dblp computer science bibliography, https://dblp.org}
}
@article{10,
    title        = {Method for Restoring Consistency in Probabilistic Knowledge Bases},
    author       = {Van Tham Nguyen and Ngoc Thanh Nguyen and Trong Hieu Tran and Do Kieu Loan Nguyen},
    year         = 2018,
    journal      = {Cybern. Syst.},
    volume       = 49,
    number       = {5-6},
    pages        = {317--338},
    doi          = {10.1080/01969722.2017.1418674},
    url          = {https://doi.org/10.1080/01969722.2017.1418674},
    timestamp    = {Thu, 13 Aug 2020 12:42:42 +0200},
    biburl       = {https://dblp.org/rec/journals/cas/NguyenNTN18.bib},
    bibsource    = {dblp computer science bibliography, https://dblp.org}
}
@article{11,
    title        = {Logic Based Merging},
    author       = {Sebastien Konieczny and Ramon Pino Perez},
    year         = 2011,
    journal      = {J. Philos. Log.},
    volume       = 40,
    number       = 2,
    pages        = {239--270},
    doi          = {10.1007/s10992-011-9175-5},
    url          = {https://doi.org/10.1007/s10992-011-9175-5},
    timestamp    = {Mon, 11 May 2020 23:01:50 +0200},
    biburl       = {https://dblp.org/rec/journals/jphil/KoniecznyP11.bib},
    bibsource    = {dblp computer science bibliography, https://dblp.org}
}
@article{12,
    title        = {DA\({}^{\mbox{2}}\) merging operators},
    author       = {Sebastien Konieczny and Jerome Lang and Pierre Marquis},
    year         = 2004,
    journal      = {Artif. Intell.},
    volume       = 157,
    number       = {1-2},
    pages        = {49--79},
    doi          = {10.1016/j.artint.2004.04.008},
    url          = {https://doi.org/10.1016/j.artint.2004.04.008},
    timestamp    = {Fri, 27 Dec 2019 21:18:44 +0100},
    biburl       = {https://dblp.org/rec/journals/ai/KoniecznyM04.bib},
    bibsource    = {dblp computer science bibliography, https://dblp.org}
}
@article{13,
    title        = {Disjunctive merging: Quota and Gmin merging operators},
    author       = {Patricia Everaere and Sebastien Konieczny and Pierre Marquis},
    year         = 2010,
    journal      = {Artif. Intell.},
    volume       = 174,
    number       = {12-13},
    pages        = {824--849},
    doi          = {10.1016/j.artint.2010.05.001},
    url          = {https://doi.org/10.1016/j.artint.2010.05.001},
    timestamp    = {Fri, 27 Dec 2019 21:18:45 +0100},
    biburl       = {https://dblp.org/rec/journals/ai/EveraereKM10.bib},
    bibsource    = {dblp computer science bibliography, https://dblp.org}
}
@inproceedings{14,
    title        = {A Split-Combination Method for Merging Inconsistent Possibilistic Knowledge Bases},
    author       = {Guilin Qi and Weiru Liu and David H. Glass},
    year         = 2004,
    booktitle    = {Principles of Knowledge Representation and Reasoning: Proceedings of the Ninth International Conference (KR2004), Whistler, Canada, June 2-5, 2004},
    publisher    = {{AAAI} Press},
    pages        = {348--356},
    url          = {http://www.aaai.org/Library/KR/2004/kr04-037.php},
    editor       = {Didier Dubois and Christopher A. Welty and Mary{-}Anne Williams},
    timestamp    = {Tue, 09 Feb 2021 08:33:39 +0100},
    biburl       = {https://dblp.org/rec/conf/kr/QiLG04.bib},
    bibsource    = {dblp computer science bibliography, https://dblp.org}
}
@inproceedings{15,
    title        = {A Revision-Based Approach to Resolving Conflicting Information},
    author       = {Guilin Qi and Weiru Liu and David A. Bell},
    year         = 2005,
    booktitle    = {{UAI} '05, Proceedings of the 21st Conference in Uncertainty in Artificial Intelligence, Edinburgh, Scotland, July 26-29, 2005},
    publisher    = {{AUAI} Press},
    pages        = {477--484},
    url          = {https://dslpitt.org/uai/displayArticleDetails.jsp?mmnu=1\&smnu=2\&article\_id=1246\&proceeding\_id=21},
    timestamp    = {Wed, 03 Feb 2021 11:09:31 +0100},
    biburl       = {https://dblp.org/rec/conf/uai/QiLB05.bib},
    bibsource    = {dblp computer science bibliography, https://dblp.org}
}
@article{16,
    title        = {A split-combination approach to merging knowledge bases in possibilistic logic},
    author       = {Guilin Qi and Weiru Liu and David H. Glass and David A. Bell},
    year         = 2006,
    journal      = {Ann. Math. Artif. Intell.},
    volume       = 48,
    number       = {1-2},
    pages        = {45--84},
    doi          = {10.1007/s10472-006-9043-0},
    url          = {https://doi.org/10.1007/s10472-006-9043-0},
    timestamp    = {Mon, 05 Jun 2017 12:38:10 +0200},
    biburl       = {https://dblp.org/rec/journals/amai/QiLGB06.bib},
    bibsource    = {dblp computer science bibliography, https://dblp.org}
}
@article{17,
    title        = {Merging Knowledge Bases in Possibilistic Logic by Lexicographic Aggregation},
    author       = {Guilin Qi and Jianfeng Du and Weiru Liu and David A. Bell},
    year         = 2012,
    journal      = {CoRR},
    volume       = {abs/1203.3508},
    url          = {http://arxiv.org/abs/1203.3508},
    archiveprefix = {arXiv},
    eprint       = {1203.3508},
    timestamp    = {Mon, 13 Aug 2018 16:46:59 +0200},
    biburl       = {https://dblp.org/rec/journals/corr/abs-1203-3508.bib},
    bibsource    = {dblp computer science bibliography, https://dblp.org}
}
@phdthesis{18,
    author 		= {Jiri Vomlel},
    title 		= {Methods Of Probabilistic Knowledge Integration},
    year 		= {1999}
    school		= {Czech Technical University, Prague}
}
@article{19,
title        = {Integrating Inconsistent Data in a Probabilistic Model},
author       = {Jiri Vomlel},
year         = 2004,
journal      = {J. Appl. Non Class. Logics},
volume       = 14,
number       = 3,
pages        = {367--386},
doi          = {10.3166/jancl.14.367-386},
url          = {https://doi.org/10.3166/jancl.14.367-386},
timestamp    = {Sat, 25 Apr 2020 14:02:43 +0200},
biburl       = {https://dblp.org/rec/journals/jancl/Vomlel04.bib},
bibsource    = {dblp computer science bibliography, https://dblp.org}
}
@inproceedings{20,
title        = {An Efficient Method for Probabilistic Knowledge Integration},
author       = {Shenyong Zhang and Yun Peng and Xiaopu Wang},
year         = 2008,
booktitle    = {20th {IEEE} International Conference on Tools with Artificial Intelligence {(ICTAI} 2008), November 3-5, 2008, Dayton, Ohio, USA, Volume 2},
publisher    = {{IEEE} Computer Society},
pages        = {179--182},
doi          = {10.1109/ICTAI.2008.57},
url          = {https://doi.org/10.1109/ICTAI.2008.57},
timestamp    = {Fri, 26 May 2017 00:51:10 +0200},
biburl       = {https://dblp.org/rec/conf/ictai/ZhangPW08.bib},
bibsource    = {dblp computer science bibliography, https://dblp.org}
}
@article{21,
title        = {The social entropy process: axiomatising the aggregation of probabilistic beliefs},
author       = {Wilmers, George},
year         = 2010,
publisher    = {Manchester Institute for Mathematical Sciences, University of Manchester}
}
@article{22,
title        = {The irrelevant information principle for collective probabilistic reasoning},
author       = {Martin Adamcik and George Wilmers},
year         = 2014,
journal      = {Kybernetika},
volume       = 50,
number       = 2,
pages        = {175--188},
doi          = {10.14736/kyb-2014-2-0175},
url          = {https://doi.org/10.14736/kyb-2014-2-0175},
timestamp    = {Wed, 17 Feb 2021 09:00:06 +0100},
biburl       = {https://dblp.org/rec/journals/kybernetika/AdamcikW14.bib},
bibsource    = {dblp computer science bibliography, https://dblp.org}
}
@phdthesis{23,
title        = {Collective reasoning under uncertainty and inconsistency},
author       = {Adamcik, Martin},
year         = 2014,
school       = {Manchester Institute for Mathematical Sciences, The University of Manchester}
}
@inproceedings{24,
title        = {Framework for Merging Probabilistic Knowledge Bases},
author       = {Van Tham Nguyen and Ngoc Thanh Nguyen and Trong Hieu Tran},
year         = 2018,
booktitle    = {Computational Collective Intelligence - 10th International Conference, {ICCCI} 2018, Bristol, UK, September 5-7, 2018, Proceedings, Part {I}},
publisher    = {Springer},
series       = {Lecture Notes in Computer Science},
volume       = 11055,
pages        = {31--42},
doi          = {10.1007/978-3-319-98443-8\_4},
url          = {https://doi.org/10.1007/978-3-319-98443-8\_4},
editor       = {Ngoc Thanh Nguyen and Elias Pimenidis and Zaheer Khan and Bogdan Trawinski},
timestamp    = {Tue, 14 May 2019 10:00:45 +0200},
biburl       = {https://dblp.org/rec/conf/iccci/NguyenNT18.bib},
bibsource    = {dblp computer science bibliography, https://dblp.org}
}
@book{25,
title        = {Convex analysis and optimization},
author       = {Bertsekas, Dimitri P and N.A. and Ozdaglar E. Asuman},
year         = 2003,
publisher    = {Athena Scientific, Belmont, Massachusetts}
}
@article{26,
title        = {Aggregating disparate estimates of chance},
author       = {Daniel N. Osherson and Moshe Y. Vardi},
year         = 2006,
journal      = {Games Econ. Behav.},
volume       = 56,
number       = 1,
pages        = {148--173},
doi          = {10.1016/j.geb.2006.04.001},
url          = {https://doi.org/10.1016/j.geb.2006.04.001},
timestamp    = {Sat, 22 Feb 2020 13:47:43 +0100},
biburl       = {https://dblp.org/rec/journals/geb/OshersonV06.bib},
bibsource    = {dblp computer science bibliography, https://dblp.org}
}
@book{27,
title        = {Probability & Statistics for Engineers & Scientists},
author       = {W.E. Ronald, et al},
year         = 2012,
publisher    = {Prentice Hall}
}
@book{28,
title        = {Understanding and using linear programming},
author       = {Bernd Gartner and Jiri Matousek},
year         = 2007,
publisher    = {Springer},
series       = {Universitext},
isbn         = {978-3-540-30697-9},
timestamp    = {Tue, 09 Jul 2019 17:08:12 +0200},
biburl       = {https://dblp.org/rec/books/daglib/0016926.bib},
bibsource    = {dblp computer science bibliography, https://dblp.org}
}
@incollection{29,
title        = {Convex optimization},
author       = {Stephen, Boyd and Lieven, Vandenberghe},
year         = 2004,
booktitle    = {Cambridge university press}
}
